@article{1, 
	author = {Li, Ren-Cang}, 
	title = {Solving secular equations stably and efficiently}, 
	year = {1993}, 
	month = {April}
}